@article{lander1966counterexample,
  title   = {Counterexample to {E}ulerâ€™s conjecture on sums of 
             like powers},
  author  = {Lander, Leon J. and Parkin, Thomas. R. and others},
  journal = {Bulletin of the American Mathematical Society},
  volume  = {72},
  number  = {6},
  pages   = {1079},
  year    = {1966}
}

@book{andrews2003nahuatl,
  title     = {Introduction to {C}lassical {N}ahuatl},
  author    = {Andrews, James Richard},
  year      = {2003},
  edition   = {Revised edition},
  publisher = {University of Oklahoma Press},
  location  = {Norman}
}

@article{vertegaal2017filling,
  title     = {Filling in the facts: the practice of space-filling in Hieroglyphic Luwian inscriptions},
  author    = {Vertegaal, Alexander},
  journal   = {Altorientalische Forschungen},
  volume    = {44},
  number    = {2},
  pages     = {235--260},
  year      = {2017},
  publisher = {De Gruyter Akademie Forschung}
}